@inproceedings{EURO2014,
	Address = {Kopenhagen, D{\"a}nemark},
	Author = {Ari Juels and Thomas Ristenpart},
	Booktitle = {EUROCRYPT 2014},
	Month = {Mai},
	Title = {Honey Encryption - Security Beyond the Brute-Force Bound},
	Year = {2014}}

@article{IEEE2014,
	Author = {Ari Juels and Thomas Ristenpart},
	Journal = {IEEE Security \& Privacy},
	Month = {April},
	Pages = {59-62},
	Title = {Honey Encryption - Encryption beyond the Brute-Force Barrier},
	Volume = {12/4},
	Year = {2014}}

@conference{SACMAT2014,
	Address = {London, Kanada},
	Author = {Ari Juels},
	Booktitle = {19. ACM SACMAT},
	Month = {Juni},
	Title = {A Bodyguard of Lies - The Use of Honey Objects in Information Security},
	Year = {2014}}

@misc{CRCS2014,
	Author = {Ari Juels},
	Lastchecked = {27.10.2014},
	Month = {M{\"a}rz},
	Title = {The Password That Never Was},
	howpublished={\url{http://crcs.seas.harvard.edu/event/ari-juels-the-password-that-never-was}},
	Urldate = {10.03.2014},
	Year = {2014}}
